<record><leader>00000cas a22000007a 4500</leader><controlfield tag="001">12316445</controlfield><controlfield tag="008">850727d18781919aluwr ne      0    0eng d</controlfield><datafield ind1=" " ind2=" " tag="010"><subfield code="a">sn 85044654 </subfield></datafield><datafield ind1=" " ind2=" " tag="040"><subfield code="a">CPN</subfield><subfield code="b">eng</subfield><subfield code="c">CPN</subfield><subfield code="d">OCLCQ</subfield></datafield><datafield ind1=" " ind2=" " tag="042"><subfield code="a">msc</subfield></datafield><datafield ind1="0" ind2="4" tag="245"><subfield code="a">The Scottsboro citizen.</subfield></datafield><datafield ind1="3" ind2="0" tag="246"><subfield code="a">Citizen</subfield></datafield><datafield ind1=" " ind2=" " tag="260"><subfield code="a">Scottsboro, Ala. :</subfield><subfield code="b">James Armstrong</subfield></datafield><datafield ind1=" " ind2=" " tag="300"><subfield code="a">v. :</subfield><subfield code="b">ill. ;</subfield><subfield code="c">53 cm.</subfield></datafield><datafield ind1=" " ind2=" " tag="310"><subfield code="a">Weekly</subfield></datafield><datafield ind1="1" ind2=" " tag="362"><subfield code="a">Began in 1878; ceased in 1919.</subfield></datafield><datafield ind1=" " ind2=" " tag="500"><subfield code="a">Published as: The Citizen, Aug. 4-Sept. 2, 1909.</subfield></datafield><datafield ind1=" " ind2=" " tag="588"><subfield code="a">Description based on: Vol. 2, no. 5 (Oct. 4, 1878).</subfield></datafield><datafield ind1=" " ind2=" " tag="752"><subfield code="a">United States</subfield><subfield code="b">Alabama</subfield><subfield code="c">Jackson</subfield><subfield code="d">Scottsboro.</subfield></datafield><datafield ind1="0" ind2="0" tag="780"><subfield code="t">Fellow-citizen (Scottsboro, Ala.)</subfield><subfield code="w">(DLC)sn 88050202</subfield></datafield><datafield ind1="0" ind2="4" tag="785"><subfield code="t">Progressive age (Scottsboro, Ala.)</subfield><subfield code="w">(DLC)sn 87050009</subfield></datafield></record>